@misc{overleaf:learnlatex,
    author = {Overleaf},
    howpublished = {\url{https://www.overleaf.com/learn/latex/Learn_LaTeX_in_30_minutes}},
    title = {Learn LaTeX in 30 Minutes}
}